<record><leader>00000cas a22000007a 4500</leader><controlfield tag="001">15561502</controlfield><controlfield tag="008">870421d19241950inuwr ne      0    0eng d</controlfield><datafield ind1=" " ind2=" " tag="010"><subfield code="a">sn 87055742 </subfield></datafield><datafield ind1=" " ind2=" " tag="040"><subfield code="a">NPI</subfield><subfield code="b">eng</subfield><subfield code="c">NPI</subfield><subfield code="d">OCLCQ</subfield></datafield><datafield ind1=" " ind2=" " tag="042"><subfield code="a">msc</subfield></datafield><datafield ind1="0" ind2=" " tag="130"><subfield code="a">Mirror (South Bend, Ind.)</subfield></datafield><datafield ind1="1" ind2="4" tag="245"><subfield code="a">The mirror.</subfield></datafield><datafield ind1="1" ind2="3" tag="246"><subfield code="a">South Bend mirror</subfield></datafield><datafield ind1="1" ind2="3" tag="246"><subfield code="a">South Bend mirror Saturday night</subfield></datafield><datafield ind1=" " ind2=" " tag="260"><subfield code="a">South Bend, Ind. :</subfield><subfield code="b">Mirror Press,</subfield><subfield code="c">-1950.</subfield></datafield><datafield ind1=" " ind2=" " tag="310"><subfield code="a">Weekly</subfield></datafield><datafield ind1="1" ind2=" " tag="362"><subfield code="a">Began in Mar. 1924.</subfield></datafield><datafield ind1="0" ind2=" " tag="362"><subfield code="a">-v. 46, no. 52 (Dec. 29, 1950).</subfield></datafield><datafield ind1=" " ind2=" " tag="500"><subfield code="a">"South Bend" in small letters at left of wrapper title; "Saturday night" in small letters under cover title, &lt;Jan. 4&gt;-May 30, 1930.</subfield></datafield><datafield ind1=" " ind2=" " tag="500"><subfield code="a">"South Bend" in small letters at left of or under cover title, June 6, 1930-1950.</subfield></datafield><datafield ind1=" " ind2=" " tag="588"><subfield code="a">Description based on: Vol. 26, no. 1 (Jan. 4, 1930); title from publishers block.</subfield></datafield><datafield ind1=" " ind2=" " tag="752"><subfield code="a">United States</subfield><subfield code="b">Indiana</subfield><subfield code="c">Saint Joseph</subfield><subfield code="d">South Bend.</subfield></datafield><datafield ind1="0" ind2="0" tag="780"><subfield code="t">Indiana Saturday night</subfield></datafield><datafield ind1="0" ind2="0" tag="785"><subfield code="t">Record (South Bend, Ind.)</subfield><subfield code="w">(DLC)sn 87055740</subfield></datafield></record>